@techreport{Problem_Statement,
  author = {OrbitWatch},
  title = {Problem Statement},
  institution = {McMaster University},
  year = {2024},
  note = {\url{https://github.com/OKKM-insights/OKKM.insights/blob/main/docs/ProblemStatementAndGoals/ProblemStatement.pdf}}
}

@techreport{Development_Plan,
  author = {OrbitWatch},
  title = {Development Plan},
  institution = {McMaster University},
  year = {2024},
  note = {\url{https://github.com/OKKM-insights/OKKM.insights/blob/main/docs/DevelopmentPlan/DevelopmentPlan.pdf}}
}

@techreport{SRS,
  author = {OrbitWatch},
  title = {Software Requirements Specification},
  institution = {McMaster University},
  year = {2024},
  note = {\url{https://github.com/OKKM-insights/OKKM.insights/blob/main/docs/SRS/SRS.pdf}}
}

@techreport{VnV,
  author = {OrbitWatch},
  title = {Verification and Validation (VnV) Plan},
  institution = {McMaster University},
  year = {2024},
  note = {\url{https://github.com/OKKM-insights/OKKM.insights/blob/main/docs/VnVPlan/VnVPlan.pdf}}
}

@techreport{MG,
  author = {OrbitWatch},
  title = {Module Guide (MG)},
  institution = {McMaster University},
  year = {2024},
  note = {\url{https://example.com/mg}}
}

@techreport{MIS,
  author = {OrbitWatch},
  title = {Module Interface Specification (MIS)},
  institution = {McMaster University},
  year = {2024},
  note = {\url{https://example.com/mis}}
}
